
@inproceedings{papero,
	booktitle = {27th Annual ACM Symposium on Applied Computing (SAC 2012) },
	author = {Montagna, Sara and Pianini, Danilo and Viroli, Mirko},
	title = {A Model for Drosophila Melanogaster Development from a Single Cell to Stripe Pattern Formation},
	year = 2012,
	address = {Riva del Garda (Trento), Italy},
	note = {To Appear},
	month = {26-30 March}}

