
@inproceedings{a,
   author =    {Pinco, Pallino AND Pinco, Pallino},
   title =     {Titolo articolo},
   booktitle = {Titolo libro o proceedings},
   editor =    {Pinco, Pallino},
   year =      2004,
   address =   {Citta},
   publisher = {Casa editrice},
}


@misc{mysite,
  title = {Sito XYZ},
  author = {Guerra},
  note = {\texttt{http://acme.org}},
  year = {2009}
} 